<?xml version="1.0" encoding="UTF-8"?>
<collection xmlns:xsi="http://www.w3.org/2001/XMLSchema-instance" xsi:schemaLocation="http://www.loc.gov/MARC21/slim http://www.loc.gov/standards/marcxml/schema/MARC21slim.xsd" xmlns="http://www.loc.gov/MARC21/slim">
<record>
  <leader>00574cam a22001695u 4500</leader>
  <controlfield tag="001">1519705</controlfield>
  <controlfield tag="003">NNC</controlfield>
  <controlfield tag="005">20151019143025.0</controlfield>
  <controlfield tag="008">941004s1934||||mr |||||||||||||| ||ara|d</controlfield>
  <datafield tag="035" ind1=" " ind2=" ">
    <subfield code="a">(OCoLC)82588387</subfield>
  </datafield>
  <datafield tag="035" ind1=" " ind2=" ">
    <subfield code="a">(OCoLC)ocm82588387</subfield>
  </datafield>
  <datafield tag="035" ind1=" " ind2=" ">
    <subfield code="9">AJW6288CU</subfield>
  </datafield>
  <datafield tag="035" ind1=" " ind2=" ">
    <subfield code="a">(NNC)1519705</subfield>
  </datafield>
  <datafield tag="100" ind1="1" ind2=" ">
    <subfield code="a">Bin al-Jīlānī, ʻAmr.</subfield>
  </datafield>
  <datafield tag="245" ind1="1" ind2="0">
    <subfield code="a">Izālat al-lubs wa-al-ghalaṭ wa-al-khulf ʻamman khaffafa al-mīm wa-sakkanahā fī ḥadīth Lā aqūl Alif lām mīm ḥarf.</subfield>
  </datafield>
  <datafield tag="260" ind1=" " ind2=" ">
    <subfield code="a">al-Rabāṭ :</subfield>
    <subfield code="b">al-Maṭbaʻah al-Waṭanīyah,</subfield>
    <subfield code="c">1934.</subfield>
  </datafield>
  <datafield tag="300" ind1=" " ind2=" ">
    <subfield code="a">:36 p. ;</subfield>
    <subfield code="c">25 cm.</subfield>
  </datafield>
  <datafield tag="955" ind1=" " ind2=" ">
    <subfield code="b">CU10660186</subfield>
    <subfield code="d">off,glx</subfield>
    <subfield code="e">ME37254</subfield>
  </datafield>
</record>
</collection>